
@Article{Damarla2011,
	author = {Damarla, T. and Sabatier, J.},
	title = {Classification of people walking and jogging/running using multimodal sensor signatures},
	journal = {Proc. SPIE},
	volume = {8019},
	number = {},
	pages = {80190N-80190N-8},
	month = {June},
	year = {2011},
	doi = {10.1117/12.883246},
	URL = { http://dx.doi.org/10.1117/12.883246},
}

@Article{Larsen2013,
	author = {Larsen, B. W. and Chung, H. and Dominguez, A. and Sciacca, J. and Kovvali, N. and Papandreou-Suppappola, A. and Allee, D. R.},
	title = { Applying matching pursuit decomposition time-frequency processing to {UGS} footstep classification},
	journal = {Proc. SPIE},
	volume = {8711},
	number = {},
	pages = {3-13},
	month = {June},
	year = {2013},
	doi = {10.1117/12.2015498},
}
%	URL = { http://dx.doi.org/10.1117/12.2015498},

@Article{Mehmood2012, 
author={Mehmood, A. and Patel, V.M. and Dam rla, T.}, 
journal ={ 2012 IEEE International Geoscience and Remote Sensing Symposium (IGARSS)}, 
title={Discrimination of bipeds from quadrupeds using seismic footstep signatures}, 
year={2012}, 
pages={6920-6923},  
doi={10.1109/IGARSS.2012.6352571}, 
ISSN={2153-6996},
}

@manual{Auger2005,
author = {Auger, F. and Flandrin, P. and Gon\c{c}alv\`{e}s, P. and Lemoine, O.},
title = {Time Frequency Toolbox Reference Guide},
year = {2005},
month={October},
}
%URL =  {http://tftb.nongnu.org/refguide.pdf}

@Article{Jeong1992,
author = {Jeong, J. and Williams, W.},
title = {Kernel Design for Reduced Interference Distributions},
journal = {IEEE Transactions on Signal Processing},
year={1992}, 
volume={40}, 
number={2}, 
pages={402-412}, 
doi={10.1109/78.124950}, 
ISSN={1053-587X},
}
%URL = {http://ieeexplore.ieee.org/xpl/articleDetails.jsp?arnumber=124950}

@Article{Houston2003,
author = {Houston, K. M. and McGaffigan, D. P.},
title = {Spectrum analysis techniques for personnel detection using seismic sensors},
journal = {Proc. SPIE},
volume = {5090},
number = {},
pages = {162-173},
year = {2003},
doi = {10.1117/12.500739},
}
%URL = { http://dx.doi.org/10.1117/12.500739},

@Article{Subramanian2009,
author = {Subramanian, A. and Iyengar, S. G. and Mehrotra, K. G. and Mohan, C. K. and Varshney, P. K. and Damarla, T.},
title = {A data-driven personnel detection scheme for indoor surveillance using seismic sensors},
journal = {Proc. SPIE},
volume = {7333},
number = {},
pages = {15-1-15-11},
year = {2009},
doi = {10.1117/12.820237},
}
%URL = { http://dx.doi.org/10.1117/12.820237},

@Article{Succi2001,
author = {Succi, G. and Gampert, R. and Prado, G.},
title = {Footstep detection and tracking},
journal = {Proc. SPIE},
volume = {4393},
year = {2001},
pages = {22-29},
}

@unpublished{GutierrezPP,
author = {Gutierrez-Osuna, R.},
title = {Linear Discriminants Analysis},
page = {2},
note = {unpublished lecture from {T}exas {A \& M} {U}niversity},
}

@mastersthesis{Bland2006,
author = {Bland, R. E.},
title = {Acoustic and Seismic Signal Processing for Footstep Proecessing},
school = {{M}assachusetts {I}nstitute of {T}echnology},
month = {May},
year = {2006},
}

@Article{Altes1980,
   author = "Altes, R. A.",
   title = "Detection, estimation, and classification with spectrograms",
   journal = "The Journal of the Acoustical Society of America",
   year = "1980",
   volume = "67",
   number = "4", 
   pages = "1232-1246",
   doi = "http://dx.doi.org/10.1121/1.384165" 
}

@Article{Damarla2007,
author = {Damarla, R. and Ufford, D.},
title = {Personnel detection using ground sensors},
journal = {Proc. SPIE},
volume = {6562},
number = {},
pages = {05-1-05-10},
year = {2007},
doi = {10.1117/12.723212},
}

%URL = { http://dx.doi.org/10.1117/12.723212},

@unpublished{Vijayan,
author = {Vijayan, V.},
title = {Direct LDA and PCA+LDA},
note = {unpublished {M}atlab code from {M}atlab Central},
}






	