
@Article{Damarla2011,
	author = {Damarla, T. and Sabatier, J.},
	title = {Classification of people walking and jogging/running using multimodal sensor signatures},
	journal = {Proc. SPIE},
	volume = {8019},
	number = {},
	pages = {80190N-80190N-8},
	month = {June},
	year = {2011},
	doi = {10.1117/12.883246},
	URL = { http://dx.doi.org/10.1117/12.883246},
	eprint = {}
}

@Article{Larsen2013,
	author = {Larsen, B. W. and Chung, H. and Dominguez, A. and Sciacca, J. and Kovvali, N. and Papandreou-Suppappola, A. and Allee, D. R.},
	title = { Applying matching pursuit decomposition time-frequency processing to UGS footstep classification},
	journal = {Proc. SPIE},
	volume = {8711},
	number = {},
	pages = {871104-871104-13},
	month = {June},
	year = {2013},
	doi = {10.1117/12.2015498},
	URL = { http://dx.doi.org/10.1117/12.2015498},
	eprint = {}
}

@INPROCEEDINGS{Mehmood2012, 
author={Mehmood, A. and Patel, V.M. and Damarla, T.}, 
booktitle={Geoscience and Remote Sensing Symposium (IGARSS), 2012 IEEE International}, 
title={Discrimination of bipeds from quadrupeds using seismic footstep signatures}, 
year={2012}, 
pages={6920-6923},  
doi={10.1109/IGARSS.2012.6352571}, 
ISSN={2153-6996},
eprint = {}
}

	